2332 4136
395 21 472 80 ι’ὶι

430 153 616 282 'genesis
695 229 711 248 ··
946 211 1003 280 149

36 345 85 396 ert
115 348 185 400 tam
215 305 312 398 foeda
342 349 372 406 et
398 338 558 407 horribilis
584 345 752 436 voluptas,
776 360 811 410 ut
837 373 857 412 a
877 354 1003 420 medicis

36 451 253 520 comparetur
274 461 348 500 cum
371 441 534 526 epilepsia,
555 467 609 506 seu
630 447 779 510 comitiali
800 452 921 530 morbo.
949 454 1002 518 Sia

37 536 177 600 morbus
199 558 297 598 uerus
319 561 398 617 cunr¹
413 539 482 620 ipeo
504 559 599 622 opere
619 540 833 624 generationis
853 546 1001 622 conjunc
1081 573 1092 596 ι.

37 645 89 692 tue
112 645 174 694 est.
203 624 326 694 sumus
348 631 480 694 enimin
502 648 583 702 rtetn
602 637 720 720 peccati
742 649 771 698 ct
791 641 910 715 mortis3
930 643 1001 706 ideo

38 734 137 848 etiam
158 755 284 817 poenes
309 734 382 796 istas
404 737 601 811 sustinemus,
623 751 657 799 ut
678 737 807 801 muliere
824 727 1000 806 slnehorri·
1086 722 1091 736 .

43 938 207 1018 possimus
231 938 290 998 uti.

123 1039 215 1100 ldcm
245 1039 362 1102 accidit
389 1038 482 1100 nobis
509 1034 638 1123 proptdr
658 1055 819 1124 peccatum
848 1047 936 1110 etiam
964 1023 999 1110 iu
1045 1031 1068 1052 '⁵

43 1139 267 1222 spiritualibus
291 1140 391 1204 donis.
434 1139 503 1202 Etsi
523 1140 605 1202 enim
626 1139 718 1204 fidem
740 1129 898 1226 hebemus,
918 1152 999 1214 etin
1064 1203 1065 1214 ,

45 1240 106 1306 lide
126 1244 287 1318 vivimus,
317 1257 420 1306 saman
450 1239 640 1308 dubitatione
661 1255 691 1304 et
711 1267 801 1310 sensu
822 1250 932 1314 mortis
952 1273 998 1319 ca·
1111 1275 1115 1280 ·

51 1366 114 1408 rere
132 1367 202 1409 uon
233 1365 412 1430 possumus.
451 1345 516 1418 Hae
544 1347 661 1429 peccati
689 1349 854 1436 originalia
882 1328 1013 1438 poeuis.

58 1446 126 1509 bene
145 1449 304 1512 viderunt
323 1461 353 1511 et
373 1464 534 1513 censerunt
555 1451 652 1512 sancti
672 1451 788 1514 Patres.
809 1453 882 1519 Ideo
904 1459 997 1544 scrip

53 1563 115 1614 tura
134 1573 274 1636 quoque
297 1553 568 1650 n2512pndcnda
590 1575 643 1614 seu
664 1554 889 1637 turpitudinem
899 1572 995 1624 vocat.

125 1654 224 1738 Quae
246 1670 438 1740 sequuntur,
460 1670 531 1720 snut
550 1658 640 1742 queri
661 1661 817 1750 repetitio,
835 1675 872 1726 ut
890 1663 1009 1728 Moses.

45 1777 81 1820 eo
102 1760 310 1822 commodine
331 1758 473 1838 deveniat
492 1761 534 1822 ad
554 1760 814 1880 descriptionem,
835 1769 995 1856 quomedo
1051 1781 1056 1810 ¹

46 1861 159 1922 mulier
180 1861 224 1924 eit
246 1861 388 1938 condite3
417 1863 489 1927 ideo
513 1862 647 1948 legenda
673 1876 744 1926 aunt
770 1865 804 1928 in
832 1869 1004 1976 praeterito

48 1961 370 2048 plusquamperfecto.

47 2139 143 2206 Cum
176 2142 401 2219 formasset
429 2143 625 2208 Dominus
653 2142 761 2204 Deus
794 2121 839 2206 de
874 2146 995 2208 humo
1060 2175 1062 2180 ·
1162 2195 1163 2202 ι

45 2259 194 2308 cuncta
225 2247 451 2311 animantia
485 2258 638 2318 terrae,
675 2244 839 2307 adduxit
872 2268 915 2309 ce
950 2249 996 2316 ad
1039 2273 1041 2280 ‘

126 2349 278 2427 Adam,
298 2363 341 2413 ut
361 2350 534 2425 rideret,
562 2346 659 2430 quid
680 2361 843 2410 vocaret
863 2371 915 2412 ea.

126 2475 232 2559 Quasi
256 2455 348 2564 dicet,
369 2473 459 2542 Deue'
476 2486 559 2535 certo
582 2454 617 2533 'et
636 2470 718 2532 bene
736 2472 824 2555 priua
846 2467 995 2539 deliber-d·
1039 2483 1056 2534 2

46 2589 77 2638 to
99 2579 242 2641 consilio
263 2581 363 2640 voluit
383 2585 488 2642 cretre
508 2567 667 2652 {eminam3
689 2574 765 2638 vidit
785 2576 866 2638 enim
889 2585 995 2650 omnes

49 2681 123 2742 aliae
150 2681 270 2746 bestias
301 2681 411 2743 hebere
438 2679 632 2763 adjutorium
653 2679 878 2762 generationis,
908 2681 995 2743 sol'us

49 2785 145 2848 ddum
167 2803 237 2847 non
259 2783 375 2847 habuit.
417 2783 553 2846 Adduxit
580 2781 685 2866 itaque
707 2781 748 2844 ad
769 2783 868 2846 Adane¹
890 2785 995 2847 omnia
1060 2773 1067 2784 ,

49 2882 237 2963 animantia3
261 2907 294 2948 ea
315 2908 386 2949 eum
398 2881 635 2968 edamtsinguta
657 2884 720 2946 suis
740 2887 917 2949 nominihus
940 2902 994 2951 nd-

50 3001 150 3064 tesset,
173 2989 299 3050 nullum
320 2983 521 3050 invenit‘sibi
542 2983 654 3047 simile.
671 2987 791 3081 ‘Atque
811 2988 861 3049 hio
882 2983 994 3052 iterum
1078 2981 1083 2998 ⁸

50 3095 258 3156 admonemur
279 3093 318 3187 de
337 3090 457 3179 insigni
475 3087 655 3176 cognitione
677 3102 705 3150 et
726 3090 902 3188 sapientia,
916 3115 1014 3174 quae,

50 3195 82 3256 iu
103 3193 206 3256 Adam
229 3192 305 3270 fuit,
338 3193 395 3278 qui
421 3206 538 3254 oreatus
567 3191 598 3252 ln
620 3191 797 3251 innocentia
813 3204 846 3252 et
866 3193 994 3276 justitia,

52 3300 113 3360 tine
134 3299 241 3382 alique
262 3317 343 3358 nova
364 3295 613 3369 illuminatione,
635 3308 755 3357 tantum
776 3307 904 3358 naturae
924 3317 995 3359 enac

53 3402 201 3478 bonitate,
223 3400 360 3488 intuetur
381 3401 484 3462 omnia
499 3401 644 3464 animulis
664 3411 693 3461 et
713 3397 758 3460 sie
780 3395 871 3460 habet
886 3419 994 3460 eorum
1036 3421 1039 3433 ’

54 3503 207 3590 cognitam
230 3516 389 3576 naturum,
411 3517 446 3564 ut
466 3504 600 3590 singulis
630 3517 735 3588 aptum
757 3512 786 3560 et
807 3483 929 3560 naturae
949 3499 995 3582 ip-

57 3627 159 3668 aarum
181 3607 373 3670 conveniens
392 3626 504 3668 nomen
526 3606 621 3667 iudet.
655 3605 742 3668 Hane
763 3603 862 3673 lucem
885 3603 994 3664 merito
