2298 4138
223 211 225 224 '
255 279 262 286 .
305 213 633 306 munerario.
829 241 835 252 ·
885 211 962 288 'aiv

67 386 97 460 id
106 386 179 484 egi,
205 400 240 457 ut
248 383 391 456 librum
411 393 591 455 accurate
608 404 658 462 ex
670 380 858 480 principe
879 377 964 454 edi·
1072 455 1078 467 ,

67 483 447 560 tioueexsoribeudum
458 505 649 569 curarem,
660 482 964 580 nisiquamuni·

70 585 140 660 lesu
156 579 962 683 iuea'deprehenderenturmendateusta·
1020 601 1023 608 “

71 687 117 758 tin
138 686 276 758 sustuli.
327 685 409 770 Ubi
439 682 504 756 vel
529 683 820 780 aliquantulum
845 707 962 758 excu-

66 787 198 858 sationis
218 785 355 859 habere
373 778 579 878 videretur
600 785 794 882 principis
820 783 963 858 editio-

63 888 109 958 nis
128 887 255 972 lectio,
282 883 369 958 eatit
396 884 460 958 vel
487 881 535 956 ad
561 885 782 983 marginem
809 886 961 975 rejicie-

63 986 151 1073 bam,
175 985 445 1060 emendatione
470 984 555 1084 ipsa
580 985 624 1059 in
650 999 962 1082 textum'recep-
1024 1021 1026 1030 ·
1086 1067 1090 1070 ,

63 1101 101 1170 to,
129 1087 258 1162 velita
283 1085 511 1172 servabam,
545 1101 591 1159 ut
623 1087 668 1160 itt
704 1109 773 1158 ora
788 1086 963 1184 ‚pa‘ginae

65 1182 216 1272 inferiore
242 1185 499 1273 adnotarem,
537 1185 637 1284 quid
671 1185 774 1260 mihi
799 1185 849 1260 de
877 1203 963 1260 cor-

65 1285 192 1382 rigendo
216 1289 316 1360 loco
352 1286 565 1375 videretur.
615 1287 777 1360 Deinde
810 1286 859 1360 -id
885 1288 961 1386 egi,
1052 1357 1065 1382 ,

73 1400 107 1471 ut,
123 1391 257 1461 cumin
278 1387 455 1460 editione
475 1387 658 1486 principe
677 1388 777 1460 mira
804 1387 847 1460 in
866 1390 960 1461 scri-

68 1483 166 1560 bendis
192 1489 396 1575 vocab-ulis
416 1502 518 1560 esset
540 1489 729 1576 varietas,
756 1487 960 1586 orthogru·
1010 1487 1015 1506 ³
1051 1489 1055 1496 ’

64 1583 161 1680 phium
179 1585 229 1661 ad
251 1588 489 1664 hodiernam
511 1589 706 1662 rationem
734 1611 959 1690 accommo-

62 1682 172 1776 darem,
193 1690 244 1762 iis
262 1686 434 1762 forsitan
446 1689 578 1762 verbis
595 1691 778 1785 exceptis,
805 1691 850 1764 in
869 1689 959 1788 qui·

63 1781 114 1858 bus
133 1804 306 1869 constans
332 1805 521 1866 veterum,
540 1787 740 1863 editorum
768 1813 865 1863 usus
887 1791 961 1863 ho·

61 1889 256 1986 mmpotius
279 1887 611 1962 consuetudinem
623 1889 959 1998 retinerijuberet,
992 1899 996 1906 '
1022 1961 1024 1966 .

66 1987 148 2081 Quod
166 1987 333 2087 quidem
360 1991 567 2088 negotium
591 1983 713 2087 quam
744 1991 973 2067 molestum«
1055 2007 1093 2059 ⁸.

33 2155 34 2166 ,
66 2084 111 2198 dt,
141 2106 413 2186 quantumque
453 2092 756 2180 injucunditatis
804 2087 960 2194 afferat,

74 2203 151 2260 scient
166 2193 217 2278 ii,
245 2191 331 2286 quir
351 2205 390 2262 et
423 2192 501 2288 ipsi
527 2207 621 2270 sunt
644 2194 815 2290 experti,
842 2205 881 2264 et
902 2193 960 2289 ig·-

68 2303 200 2378 dosunt,
234 2289 361 2363 si÷vet
385 2289 488 2388 ipse,
515 2292 861 2387 quemadmodum
880 2295 958 2384 jam

49 2389 285 2476 umovideo,
311 2389 384 2463 hac
403 2391 448 2464 in
473 2409 612 2464 renort
628 2394 719 2486 satis
741 2390 962 2467 mihieon-
1016 2475 1017 2478 Ἴ

61 2483 128 2558 suits
139 2485 209 2564 lui.
264 2490 458 2564 Hebraico
473 2491 685 2580 uocabula,
714 2491 959 2592 aptioribus

61 2572 242 2664 editoribus
268 2591 429 2664 Latinis,
445 2592 570 2665 literis
596 2597 760 2691 scripta,
794 2594 960 2668 Hebrai-
1018 2598 1037 2672 ’.
1094 2601 1101 2612 ”

57 2681 92 2753 cis
116 2690 287 2768 exhibui.
346 2695 471 2764 Porro
507 2711 642 2766 curam
675 2696 719 2766 in
753 2695 961 2794 interpun-
994 2714 1023 2764 “,

57 2783 150 2892 gendo
179 2796 294 2888 textu
320 2787 523 2866 collocavi.
575 2793 762 2892 Denique
799 2794 885 2868 loca
910 2813 960 2872 ex

55 2875 133 2960 hhtit
163 2894 308 2978 sacris,
350 2907 389 2966 et
418 2887 707 2990 scriptoribus,¹
749 2909 851 2991 quos
887 2912 960 2970 vo·

57 2995 130 3073 ont,
163 2991 359 3078 classicis,
399 2990 601 3082 desumta,
639 3009 834 3091 quantum
871 2993 960 3092 qui-

54 3075 117 3194 leto
137 3087 277 3188 potui,
315 3093 534 3166 accuratius
559 3092 748 3168 indicavi.
799 3097 864 3168 De
888 3096 960 3170 Pa-

57 3181 158 3277 lttbus,
174 3201 179 3208 '
196 3189 241 3263 id
275 3187 404 3265 facere
431 3189 573 3286 omisi,
612 3193 723 3292 quod
750 3190 883 3270 'ubivis
902 3194 962 3269 se·-

54 3287 288 3384 tantlte‘rus
311 3311 394 3364 non
428 3291 514 3392 ipsa
540 3285 681 3386 verba,
719 3295 790 3396 sed
821 3311 960 3374 sensus
1078 3329 1081 3336 ·

54 3389 78 3451 et
94 3393 296 3464 sententias
322 3415 463 3492 eorum
487 3392 652 3493 profert·
897 3424 899 3427 ’

125 3525 262 3624 Restat,
291 3532 495 3638 utDeum
516 3533 561 3614 Τ.
588 3537 633 3614 O.
660 3534 720 3616 tt,
738 3557 959 3638 precemur,
982 3534 992 3560 ³
1056 3499 1082 3576 ‘¹'

53 3637 258 3707 tenostram
285 3634 405 3728 hujus
428 3637 528 3718 libri
549 3637 769 3715 editionem
795 3641 976 3738 prorsus.
