<?xml version="1.0" encoding="UTF-8"?>
<!DOCTYPE html PUBLIC "-//W3C//DTD XHTML 1.0 Transitional//EN"
    "http://www.w3.org/TR/xhtml1/DTD/xhtml1-transitional.dtd">
<html xmlns="http://www.w3.org/1999/xhtml" xml:lang="en" lang="en">
 <head>
  <title>
</title>
<meta http-equiv="Content-Type" content="text/html;charset=utf-8" />
  <meta name='ocr-system' content='tesseract 3.04.00' />
  <meta name='ocr-capabilities' content='ocr_page ocr_carea ocr_par ocr_line ocrx_word'/>
</head>
<body>
  <div class='ocr_page' id='page_1' title='image "./exegeticaoperal09luthgoog/exegeticaoperal09luthgoog_0340.png"; bbox 0 0 2310 4132; ppageno 0'>
   <div class='ocr_carea' id='block_1_1' title="bbox 105 219 148 316">
    <p class='ocr_par' dir='ltr' id='par_1_1' title="bbox 105 219 148 316">
     <span class='ocr_line' id='line_1_1' title="bbox 105 219 110 250; baseline 0 0"><span class='ocrx_word' id='word_1_1' title='bbox 105 219 110 250; x_wconf 85' lang='lat' dir='ltr'><strong>t</strong></span> 
     </span>
     <span class='ocr_line' id='line_1_2' title="bbox 145 293 148 316; baseline 0 0"><span class='ocrx_word' id='word_1_2' title='bbox 145 293 148 316; x_wconf 78' lang='lat' dir='ltr'><strong>t</strong></span> 
     </span>
    </p>
   </div>
   <div class='ocr_carea' id='block_1_2' title="bbox 149 339 153 371">
    <p class='ocr_par' dir='ltr' id='par_1_2' title="bbox 149 339 153 371">
     <span class='ocr_line' id='line_1_3' title="bbox 149 339 153 371; baseline 0 0"><span class='ocrx_word' id='word_1_3' title='bbox 149 339 153 371; x_wconf 89' lang='lat' dir='ltr'><strong>l</strong></span> 
     </span>
    </p>
   </div>
   <div class='ocr_carea' id='block_1_3' title="bbox 165 175 880 312">
    <p class='ocr_par' dir='ltr' id='par_1_3' title="bbox 165 175 880 312">
     <span class='ocr_line' id='line_1_4' title="bbox 165 175 880 312; baseline 0 -24"><span class='ocrx_word' id='word_1_4' title='bbox 165 217 275 288; x_wconf 70' lang='lat'><strong>31⁶¹</strong></span> <span class='ocrx_word' id='word_1_5' title='bbox 392 212 409 268; x_wconf 78' lang='lat'><strong>&#39;.</strong></span> <span class='ocrx_word' id='word_1_6' title='bbox 466 209 813 312; x_wconf 72' lang='lat' dir='ltr'><strong>Quartsmenput</strong></span> <span class='ocrx_word' id='word_1_7' title='bbox 875 175 880 184; x_wconf 30' lang='grc' dir='ltr'>Ι</span> 
     </span>
    </p>
   </div>
   <div class='ocr_carea' id='block_1_4' title="bbox 118 338 1105 470">
    <p class='ocr_par' dir='ltr' id='par_1_4' title="bbox 118 338 1105 470">
     <span class='ocr_line' id='line_1_5' title="bbox 118 338 1105 470; baseline 0.011 -44"><span class='ocrx_word' id='word_1_8' title='bbox 118 405 138 426; x_wconf 81' lang='lat'><strong>·.</strong></span> <span class='ocrx_word' id='word_1_9' title='bbox 233 355 314 470; x_wconf 26' lang='grc' dir='ltr'><strong>’,Επεὶ</strong></span> <span class='ocrx_word' id='word_1_10' title='bbox 336 379 436 434; x_wconf 69' lang='lat' dir='ltr'><strong>autern·</strong></span> <span class='ocrx_word' id='word_1_11' title='bbox 453 369 594 437; x_wconf 53' lang='lat' dir='ltr'><strong>,mundns</strong></span> <span class='ocrx_word' id='word_1_12' title='bbox 622 367 684 444; x_wconf 83' lang='lat' dir='ltr'><strong>fere</strong></span> <span class='ocrx_word' id='word_1_13' title='bbox 707 371 784 438; x_wconf 78' lang='lat' dir='ltr'><strong>Cain</strong></span> <span class='ocrx_word' id='word_1_14' title='bbox 806 338 978 461; x_wconf 75' lang='lat' dir='ltr'><strong>imitetur,</strong></span> <span class='ocrx_word' id='word_1_15' title='bbox 992 385 1024 438; x_wconf 82' lang='lat' dir='ltr'><strong>et</strong></span> <span class='ocrx_word' id='word_1_16' title='bbox 1048 374 1105 438; x_wconf 81' lang='lat' dir='ltr'><strong>illis</strong></span> 
     </span>
    </p>
   </div>
   <div class='ocr_carea' id='block_1_5' title="bbox 119 471 1107 665">
    <p class='ocr_par' dir='ltr' id='par_1_5' title="bbox 119 471 1107 665">
     <span class='ocr_line' id='line_1_6' title="bbox 147 471 1107 562; baseline 0.006 -28"><span class='ocrx_word' id='word_1_17' title='bbox 147 471 262 558; x_wconf 31' lang='lat' dir='ltr'><strong>,signis</strong></span> <span class='ocrx_word' id='word_1_18' title='bbox 284 472 410 560; x_wconf 73' lang='lat' dir='ltr'><strong>gratiae¹</strong></span> <span class='ocrx_word' id='word_1_19' title='bbox 423 471 560 534; x_wconf 83' lang='lat' dir='ltr'><strong>abutitur</strong></span> <span class='ocrx_word' id='word_1_20' title='bbox 581 475 621 537; x_wconf 85' lang='lat' dir='ltr'><strong>&#39;ad</strong></span> <span class='ocrx_word' id='word_1_21' title='bbox 641 475 841 557; x_wconf 81' lang='lat' dir='ltr'><strong>hypocrisin,</strong></span> <span class='ocrx_word' id='word_1_22' title='bbox 865 491 969 540; x_wconf 86' lang='lat' dir='ltr'><strong>tamen</strong></span> <span class='ocrx_word' id='word_1_23' title='bbox 991 476 1107 562; x_wconf 79' lang='lat' dir='ltr'><strong>profer·</strong></span> 
     </span>
     <span class='ocr_line' id='line_1_7' title="bbox 119 571 1106 665; baseline 0.009 -32"><span class='ocrx_word' id='word_1_24' title='bbox 119 657 122 665; x_wconf 28' lang='grc'>1</span> <span class='ocrx_word' id='word_1_25' title='bbox 165 587 199 660; x_wconf 81' lang='lat' dir='ltr'><strong>to</strong></span> <span class='ocrx_word' id='word_1_26' title='bbox 222 573 616 661; x_wconf 77' lang='lat' dir='ltr'><strong>ineffabilismisericordie</strong></span> <span class='ocrx_word' id='word_1_27' title='bbox 638 591 699 658; x_wconf 80' lang='lat' dir='ltr'><strong>est,</strong></span> <span class='ocrx_word' id='word_1_28' title='bbox 729 571 815 661; x_wconf 73' lang='lat' dir='ltr'><strong>quoii</strong></span> <span class='ocrx_word' id='word_1_29' title='bbox 836 581 920 642; x_wconf 83' lang='lat' dir='ltr'><strong>Deus</strong></span> <span class='ocrx_word' id='word_1_30' title='bbox 949 593 1016 642; x_wconf 83' lang='lat' dir='ltr'><strong>tam</strong></span> <span class='ocrx_word' id='word_1_31' title='bbox 1036 581 1106 642; x_wconf 89' lang='lat' dir='ltr'><strong>mul-</strong></span> 
     </span>
    </p>
   </div>
   <div class='ocr_carea' id='block_1_6' title="bbox 165 677 1107 870">
    <p class='ocr_par' dir='ltr' id='par_1_6' title="bbox 165 677 1107 870">
     <span class='ocr_line' id='line_1_8' title="bbox 165 677 1107 778; baseline 0.006 -40"><span class='ocrx_word' id='word_1_32' title='bbox 165 677 296 760; x_wconf 70' lang='lat' dir='ltr'><strong>tifariam</strong></span> <span class='ocrx_word' id='word_1_33' title='bbox 321 681 358 740; x_wconf 72' lang='lat' dir='ltr'><strong>se&#39;</strong></span> <span class='ocrx_word' id='word_1_34' title='bbox 373 677 464 742; x_wconf 84' lang='lat' dir='ltr'><strong>nobis</strong></span> <span class='ocrx_word' id='word_1_35' title='bbox 487 679 627 740; x_wconf 73' lang='lat' dir='ltr'><strong>ostendit.</strong></span> <span class='ocrx_word' id='word_1_36' title='bbox 649 679 734 778; x_wconf 75' lang='lat' dir='ltr'><strong>Siout</strong></span> <span class='ocrx_word' id='word_1_37' title='bbox 755 683 844 743; x_wconf 80' lang='lat' dir='ltr'><strong>etiam</strong></span> <span class='ocrx_word' id='word_1_38' title='bbox 865 679 1034 776; x_wconf 72' lang='lat' dir='ltr'><strong>magnifice</strong></span> <span class='ocrx_word' id='word_1_39' title='bbox 1055 687 1107 744; x_wconf 86' lang='lat' dir='ltr'><strong>hoo</strong></span> 
     </span>
     <span class='ocr_line' id='line_1_9' title="bbox 166 779 1107 870; baseline 0.003 -28"><span class='ocrx_word' id='word_1_40' title='bbox 166 781 269 870; x_wconf 81' lang='lat' dir='ltr'><strong>ipsum</strong></span> <span class='ocrx_word' id='word_1_41' title='bbox 300 779 417 844; x_wconf 88' lang='lat' dir='ltr'><strong>donum</strong></span> <span class='ocrx_word' id='word_1_42' title='bbox 446 784 679 846; x_wconf 87' lang='lat' dir='ltr'><strong>commendatur</strong></span> <span class='ocrx_word' id='word_1_43' title='bbox 708 783 856 844; x_wconf 85' lang='lat' dir='ltr'><strong>Proverb.</strong></span> <span class='ocrx_word' id='word_1_44' title='bbox 877 792 916 862; x_wconf 89' lang='lat'><strong>8,</strong></span> <span class='ocrx_word' id='word_1_45' title='bbox 938 791 1009 860; x_wconf 84' lang='grc'><strong>(30.</strong></span> <span class='ocrx_word' id='word_1_46' title='bbox 1030 790 1107 856; x_wconf 77' lang='grc'><strong>31.);</strong></span> 
     </span>
    </p>
   </div>
   <div class='ocr_carea' id='block_1_7' title="bbox 73 868 1108 1065">
    <p class='ocr_par' dir='ltr' id='par_1_7' title="bbox 73 868 1108 1065">
     <span class='ocr_line' id='line_1_10' title="bbox 73 868 1108 970; baseline 0.005 -27"><span class='ocrx_word' id='word_1_47' title='bbox 73 901 77 906; x_wconf 90' lang='grc'><strong><em>·</em></strong></span> <span class='ocrx_word' id='word_1_48' title='bbox 102 937 109 946; x_wconf 76' lang='grc'>,</span> <span class='ocrx_word' id='word_1_49' title='bbox 167 868 379 966; x_wconf 78' lang='lat' dir='ltr'><strong>„Delectabar</strong></span> <span class='ocrx_word' id='word_1_50' title='bbox 399 907 458 966; x_wconf 86' lang='lat' dir='ltr'><strong>per</strong></span> <span class='ocrx_word' id='word_1_51' title='bbox 478 884 619 968; x_wconf 81' lang='lat' dir='ltr'><strong>singulos</strong></span> <span class='ocrx_word' id='word_1_52' title='bbox 642 883 716 957; x_wconf 85' lang='lat' dir='ltr'><strong>dies,</strong></span> <span class='ocrx_word' id='word_1_53' title='bbox 737 885 848 965; x_wconf 79' lang='lat' dir='ltr'><strong>ludens</strong></span> <span class='ocrx_word' id='word_1_54' title='bbox 869 909 975 950; x_wconf 88' lang='lat' dir='ltr'><strong>coram</strong></span> <span class='ocrx_word' id='word_1_55' title='bbox 997 877 1047 970; x_wconf 75' lang='lat' dir='ltr'><strong>eir,</strong></span> <span class='ocrx_word' id='word_1_56' title='bbox 1066 890 1108 948; x_wconf 92' lang='lat' dir='ltr'><strong>lu·</strong></span> 
     </span>
     <span class='ocr_line' id='line_1_11' title="bbox 87 967 1107 1065; baseline 0.006 -21"><span class='ocrx_word' id='word_1_57' title='bbox 87 1035 90 1044; x_wconf 80' lang='grc'><strong>,</strong></span> <span class='ocrx_word' id='word_1_58' title='bbox 166 982 242 1062; x_wconf 79' lang='lat' dir='ltr'><strong>dens</strong></span> <span class='ocrx_word' id='word_1_59' title='bbox 262 987 293 1046; x_wconf 89' lang='lat' dir='ltr'><strong>in</strong></span> <span class='ocrx_word' id='word_1_60' title='bbox 317 985 391 1047; x_wconf 90' lang='lat' dir='ltr'><strong>orbe</strong></span> <span class='ocrx_word' id='word_1_61' title='bbox 409 975 571 1062; x_wconf 81' lang='lat' dir='ltr'><strong>terrarum,</strong></span> <span class='ocrx_word' id='word_1_62' title='bbox 594 1000 624 1048; x_wconf 90' lang='lat' dir='ltr'><strong>et</strong></span> <span class='ocrx_word' id='word_1_63' title='bbox 640 987 766 1050; x_wconf 78' lang='lat' dir='ltr'><strong>deliciae</strong></span> <span class='ocrx_word' id='word_1_64' title='bbox 780 967 884 1065; x_wconf 74' lang='lat' dir='ltr'><strong>meae,</strong></span> <span class='ocrx_word' id='word_1_65' title='bbox 898 1009 965 1052; x_wconf 87' lang='lat' dir='ltr'><strong>esse</strong></span> <span class='ocrx_word' id='word_1_66' title='bbox 989 1011 1059 1051; x_wconf 85' lang='lat' dir='ltr'><strong>eum</strong></span> <span class='ocrx_word' id='word_1_67' title='bbox 1078 986 1107 1050; x_wconf 85' lang='lat' dir='ltr'><strong>fi-</strong></span> 
     </span>
    </p>
   </div>
   <div class='ocr_carea' id='block_1_8' title="bbox 144 1067 1106 1188">
    <p class='ocr_par' dir='ltr' id='par_1_8' title="bbox 144 1067 1106 1188">
     <span class='ocr_line' id='line_1_12' title="bbox 144 1067 1106 1188; baseline -0.001 -37"><span class='ocrx_word' id='word_1_68' title='bbox 144 1067 442 1174; x_wconf 18' lang='lat' dir='ltr'><strong>,liii-,hominumn</strong></span> <span class='ocrx_word' id='word_1_69' title='bbox 486 1089 549 1152; x_wconf 85' lang='lat' dir='ltr'><strong>Sed</strong></span> <span class='ocrx_word' id='word_1_70' title='bbox 575 1091 734 1152; x_wconf 88' lang='lat' dir='ltr'><strong>Ebraeum</strong></span> <span class='ocrx_word' id='word_1_71' title='bbox 763 1091 889 1153; x_wconf 83' lang='lat' dir='ltr'><strong>verbum</strong></span> <span class='ocrx_word' id='word_1_72' title='bbox 912 1084 1016 1188; x_wconf 57' lang='lat' dir='ltr'><strong>pl&#39;l&#39;q</strong></span> <span class='ocrx_word' id='word_1_73' title='bbox 1048 1112 1106 1154; x_wconf 91' lang='lat' dir='ltr'><strong>non</strong></span> 
     </span>
    </p>
   </div>
   <div class='ocr_carea' id='block_1_9' title="bbox 159 1186 1145 1286">
    <p class='ocr_par' dir='ltr' id='par_1_9' title="bbox 159 1186 1145 1286">
     <span class='ocr_line' id='line_1_13' title="bbox 159 1186 1145 1286; baseline 0 -32"><span class='ocrx_word' id='word_1_74' title='bbox 159 1204 250 1286; x_wconf 29' lang='lat' dir='ltr'><strong>,recte</strong></span> <span class='ocrx_word' id='word_1_75' title='bbox 276 1186 501 1274; x_wconf 66' lang='lat' dir='ltr'><strong>redditur-&#39;per</strong></span> <span class='ocrx_word' id='word_1_76' title='bbox 530 1191 714 1254; x_wconf 86' lang='lat' dir='ltr'><strong>vocabulum</strong></span> <span class='ocrx_word' id='word_1_77' title='bbox 746 1193 851 1268; x_wconf 79' lang='lat' dir='ltr'><strong>lusus3</strong></span> <span class='ocrx_word' id='word_1_78' title='bbox 881 1193 941 1256; x_wconf 86' lang='lat' dir='ltr'><strong>hoo</strong></span> <span class='ocrx_word' id='word_1_79' title='bbox 964 1197 1049 1256; x_wconf 86' lang='lat' dir='ltr'><strong>enim</strong></span> <span class='ocrx_word' id='word_1_80' title='bbox 1068 1215 1107 1254; x_wconf 84' lang='lat' dir='ltr'><strong>sa·</strong></span> <span class='ocrx_word' id='word_1_81' title='bbox 1144 1265 1145 1284; x_wconf 46' lang='lat'><strong>,</strong></span> 
     </span>
    </p>
   </div>
   <div class='ocr_carea' id='block_1_10' title="bbox 164 1289 1108 1378">
    <p class='ocr_par' dir='ltr' id='par_1_10' title="bbox 164 1289 1108 1378">
     <span class='ocr_line' id='line_1_14' title="bbox 164 1289 1108 1378; baseline -0.001 -24"><span class='ocrx_word' id='word_1_82' title='bbox 164 1289 281 1377; x_wconf 84' lang='lat' dir='ltr'><strong>pientia</strong></span> <span class='ocrx_word' id='word_1_83' title='bbox 303 1293 476 1376; x_wconf 81' lang='lat' dir='ltr'><strong>praedicat,</strong></span> <span class='ocrx_word' id='word_1_84' title='bbox 497 1297 581 1378; x_wconf 83' lang='lat' dir='ltr'><strong>quod</strong></span> <span class='ocrx_word' id='word_1_85' title='bbox 603 1295 743 1358; x_wconf 80' lang='lat' dir='ltr'><strong>habuerit</strong></span> <span class='ocrx_word' id='word_1_86' title='bbox 763 1290 939 1377; x_wconf 84' lang='lat' dir='ltr'><strong>respectum</strong></span> <span class='ocrx_word' id='word_1_87' title='bbox 964 1317 1054 1356; x_wconf 87' lang='lat' dir='ltr'><strong>suum</strong></span> <span class='ocrx_word' id='word_1_88' title='bbox 1074 1294 1108 1354; x_wconf 86' lang='lat' dir='ltr'><strong>ad</strong></span> 
     </span>
    </p>
   </div>
   <div class='ocr_carea' id='block_1_11' title="bbox 1138 1165 1144 1198">
    <p class='ocr_par' dir='ltr' id='par_1_11' title="bbox 1138 1165 1144 1198">
     <span class='ocr_line' id='line_1_15' title="bbox 1138 1165 1144 1198; baseline 0 0"><span class='ocrx_word' id='word_1_89' title='bbox 1138 1165 1144 1198; x_wconf 76' lang='lat' dir='ltr'><strong>l</strong></span> 
     </span>
    </p>
   </div>
   <div class='ocr_carea' id='block_1_12' title="bbox 165 1387 1145 1480">
    <p class='ocr_par' dir='ltr' id='par_1_12' title="bbox 165 1387 1145 1480">
     <span class='ocr_line' id='line_1_16' title="bbox 165 1387 1145 1480; baseline 0.001 -26"><span class='ocrx_word' id='word_1_90' title='bbox 165 1395 322 1474; x_wconf 87' lang='lat' dir='ltr'><strong>homines,</strong></span> <span class='ocrx_word' id='word_1_91' title='bbox 343 1397 429 1479; x_wconf 83' lang='lat' dir='ltr'><strong>quod</strong></span> <span class='ocrx_word' id='word_1_92' title='bbox 451 1417 483 1456; x_wconf 90' lang='lat' dir='ltr'><strong>se</strong></span> <span class='ocrx_word' id='word_1_93' title='bbox 503 1396 679 1464; x_wconf 87' lang='lat' dir='ltr'><strong>hominibus</strong></span> <span class='ocrx_word' id='word_1_94' title='bbox 700 1395 892 1470; x_wconf 79' lang='lat' dir='ltr'>revelaverit,</span> <span class='ocrx_word' id='word_1_95' title='bbox 914 1397 1008 1480; x_wconf 82' lang='lat' dir='ltr'>quasi</span> <span class='ocrx_word' id='word_1_96' title='bbox 1026 1397 1105 1458; x_wconf 84' lang='lat' dir='ltr'><strong>dicat:</strong></span> <span class='ocrx_word' id='word_1_97' title='bbox 1144 1387 1145 1390; x_wconf 23' lang='lat'>¹</span> 
     </span>
    </p>
   </div>
   <div class='ocr_carea' id='block_1_13' title="bbox 164 1598 1106 1791">
    <p class='ocr_par' dir='ltr' id='par_1_13' title="bbox 164 1598 1106 1791">
     <span class='ocr_line' id='line_1_17' title="bbox 165 1598 1106 1686; baseline -0.003 -25"><span class='ocrx_word' id='word_1_98' title='bbox 165 1599 294 1686; x_wconf 81' lang='lat' dir='ltr'><strong>ingessi,</strong></span> <span class='ocrx_word' id='word_1_99' title='bbox 316 1613 350 1662; x_wconf 91' lang='lat' dir='ltr'><strong>ut</strong></span> <span class='ocrx_word' id='word_1_100' title='bbox 372 1621 420 1662; x_wconf 86' lang='lat' dir='ltr'><strong>me</strong></span> <span class='ocrx_word' id='word_1_101' title='bbox 440 1614 636 1684; x_wconf 77' lang='lat' dir='ltr'><strong>praesentem</strong></span> <span class='ocrx_word' id='word_1_102' title='bbox 657 1599 868 1684; x_wconf 83' lang='lat' dir='ltr'><strong>intelligerent</strong></span> <span class='ocrx_word' id='word_1_103' title='bbox 889 1601 920 1662; x_wconf 91' lang='lat' dir='ltr'><strong>in</strong></span> <span class='ocrx_word' id='word_1_104' title='bbox 943 1598 1106 1674; x_wconf 83' lang='lat' dir='ltr'><strong>sacrificiis,</strong></span> 
     </span>
     <span class='ocr_line' id='line_1_18' title="bbox 164 1699 1106 1791; baseline -0.006 -26"><span class='ocrx_word' id='word_1_105' title='bbox 164 1702 198 1790; x_wconf 82' lang='lat' dir='ltr'><strong>in</strong></span> <span class='ocrx_word' id='word_1_106' title='bbox 220 1700 463 1788; x_wconf 75' lang='lat' dir='ltr'><strong>circumcisione,</strong></span> <span class='ocrx_word' id='word_1_107' title='bbox 484 1701 515 1779; x_wconf 82' lang='lat' dir='ltr'><strong>in</strong></span> <span class='ocrx_word' id='word_1_108' title='bbox 536 1701 783 1778; x_wconf 78' lang='lat' dir='ltr'><strong>incensionibus,</strong></span> <span class='ocrx_word' id='word_1_109' title='bbox 804 1703 836 1764; x_wconf 91' lang='lat' dir='ltr'><strong>in</strong></span> <span class='ocrx_word' id='word_1_110' title='bbox 857 1703 939 1764; x_wconf 88' lang='lat' dir='ltr'><strong>nube</strong></span> <span class='ocrx_word' id='word_1_111' title='bbox 952 1703 1016 1791; x_wconf 51' lang='lat'><strong>’2¹⁰¹&#39;</strong></span> <span class='ocrx_word' id='word_1_112' title='bbox 1038 1699 1106 1764; x_wconf 83' lang='lat' dir='ltr'><strong>mari</strong></span> 
     </span>
    </p>
   </div>
   <div class='ocr_carea' id='block_1_14' title="bbox 164 1795 1147 1990">
    <p class='ocr_par' dir='ltr' id='par_1_14' title="bbox 164 1795 1147 1990">
     <span class='ocr_line' id='line_1_19' title="bbox 164 1795 1147 1885; baseline -0.002 -19"><span class='ocrx_word' id='word_1_113' title='bbox 164 1806 275 1885; x_wconf 61' lang='lat' dir='ltr'><strong>rubro,</strong></span> <span class='ocrx_word' id='word_1_114' title='bbox 294 1804 327 1866; x_wconf 90' lang='lat' dir='ltr'><strong>in</strong></span> <span class='ocrx_word' id='word_1_115' title='bbox 349 1825 477 1879; x_wconf 87' lang='lat' dir='ltr'><strong>manns,</strong></span> <span class='ocrx_word' id='word_1_116' title='bbox 498 1804 530 1864; x_wconf 88' lang='lat' dir='ltr'><strong>in</strong></span> <span class='ocrx_word' id='word_1_117' title='bbox 552 1813 646 1866; x_wconf 72' lang='lat' dir='ltr'><strong>aeneo</strong></span> <span class='ocrx_word' id='word_1_118' title='bbox 674 1814 835 1884; x_wconf 79' lang='lat' dir='ltr'><strong>serpente,</strong></span> <span class='ocrx_word' id='word_1_119' title='bbox 856 1803 889 1864; x_wconf 92' lang='lat' dir='ltr'><strong>in</strong></span> <span class='ocrx_word' id='word_1_120' title='bbox 911 1805 1103 1870; x_wconf 80' lang='lat' dir='ltr'><strong>tabernaculo</strong></span> <span class='ocrx_word' id='word_1_121' title='bbox 1146 1795 1147 1828; x_wconf 69' lang='lat'>³</span> 
     </span>
     <span class='ocr_line' id='line_1_20' title="bbox 165 1899 1147 1990; baseline -0.008 -18"><span class='ocrx_word' id='word_1_122' title='bbox 165 1911 267 1989; x_wconf 75' lang='lat' dir='ltr'><strong>Moci,</strong></span> <span class='ocrx_word' id='word_1_123' title='bbox 295 1906 466 1990; x_wconf 80' lang='lat' dir='ltr'><strong>intemplo</strong></span> <span class='ocrx_word' id='word_1_124' title='bbox 489 1904 685 1979; x_wconf 81' lang='lat' dir='ltr'><strong>Salomonis,</strong></span> <span class='ocrx_word' id='word_1_125' title='bbox 719 1903 750 1963; x_wconf 90' lang='lat' dir='ltr'><strong>in</strong></span> <span class='ocrx_word' id='word_1_126' title='bbox 772 1899 901 1981; x_wconf 78' lang='lat' dir='ltr'><strong>nebula,</strong></span> <span class='ocrx_word' id='word_1_127' title='bbox 932 1931 970 1970; x_wconf 90' lang='lat' dir='ltr'><strong>ac</strong></span> <span class='ocrx_word' id='word_1_128' title='bbox 993 1907 1105 1970; x_wconf 87' lang='lat' dir='ltr'><strong>fuerunt</strong></span> <span class='ocrx_word' id='word_1_129' title='bbox 1146 1903 1147 1930; x_wconf 71' lang='lat'><em>³</em></span> 
     </span>
    </p>
   </div>
   <div class='ocr_carea' id='block_1_15' title="bbox 165 2007 1104 2303">
    <p class='ocr_par' dir='ltr' id='par_1_15' title="bbox 165 2007 1104 2303">
     <span class='ocr_line' id='line_1_21' title="bbox 167 2007 1104 2094; baseline -0.006 -18"><span class='ocrx_word' id='word_1_130' title='bbox 167 2013 294 2094; x_wconf 77' lang='lat' dir='ltr'><strong>deliciae</strong></span> <span class='ocrx_word' id='word_1_131' title='bbox 317 2030 416 2084; x_wconf 86' lang='lat' dir='ltr'><strong>meae,</strong></span> <span class='ocrx_word' id='word_1_132' title='bbox 434 2021 468 2086; x_wconf 83' lang='lat' dir='ltr'><strong>ut</strong></span> <span class='ocrx_word' id='word_1_133' title='bbox 489 2009 601 2073; x_wconf 69' lang='lat' dir='ltr'><strong>nieme</strong></span> <span class='ocrx_word' id='word_1_134' title='bbox 623 2009 814 2088; x_wconf 68' lang='lat' dir='ltr'><strong>ostenderem</strong></span> <span class='ocrx_word' id='word_1_135' title='bbox 837 2020 867 2070; x_wconf 85' lang='lat' dir='ltr'><strong>et</strong></span> <span class='ocrx_word' id='word_1_136' title='bbox 886 2011 1058 2074; x_wconf 76' lang='lat' dir='ltr'><strong>revelarem</strong></span> <span class='ocrx_word' id='word_1_137' title='bbox 1077 2007 1104 2070; x_wconf 87' lang='lat' dir='ltr'><strong>fi-</strong></span> 
     </span>
     <span class='ocr_line' id='line_1_22' title="bbox 165 2099 407 2192; baseline -0.021 -15"><span class='ocrx_word' id='word_1_138' title='bbox 165 2099 407 2192; x_wconf 62' lang='lat' dir='ltr'><strong>liiehorninnm.</strong></span> 
     </span>
     <span class='ocr_line' id='line_1_23' title="bbox 179 2193 1103 2303; baseline -0.004 -27"><span class='ocrx_word' id='word_1_139' title='bbox 179 2267 183 2276; x_wconf 92' lang='lat'>.</span> <span class='ocrx_word' id='word_1_140' title='bbox 230 2219 290 2282; x_wconf 84' lang='lat' dir='ltr'><strong>Ac</strong></span> <span class='ocrx_word' id='word_1_141' title='bbox 310 2193 396 2280; x_wconf 85' lang='lat' dir='ltr'><strong>Adae</strong></span> <span class='ocrx_word' id='word_1_142' title='bbox 416 2236 549 2303; x_wconf 84' lang='lat' dir='ltr'><strong>magnae</strong></span> <span class='ocrx_word' id='word_1_143' title='bbox 560 2212 769 2289; x_wconf 77' lang='lat' dir='ltr'><strong>consolationi</strong></span> <span class='ocrx_word' id='word_1_144' title='bbox 790 2213 859 2289; x_wconf 68' lang='lat' dir='ltr'><strong>fuit,</strong></span> <span class='ocrx_word' id='word_1_145' title='bbox 879 2215 981 2298; x_wconf 86' lang='lat' dir='ltr'><strong>quod,</strong></span> <span class='ocrx_word' id='word_1_146' title='bbox 1002 2213 1103 2277; x_wconf 80' lang='lat' dir='ltr'><strong>amissa</strong></span> 
     </span>
    </p>
   </div>
   <div class='ocr_carea' id='block_1_16' title="bbox 62 2309 1104 2404">
    <p class='ocr_par' dir='ltr' id='par_1_16' title="bbox 62 2309 1104 2404">
     <span class='ocr_line' id='line_1_24' title="bbox 62 2309 1104 2404; baseline -0.012 -18"><span class='ocrx_word' id='word_1_147' title='bbox 62 2325 68 2340; x_wconf 81' lang='grc'><em>“</em></span> <span class='ocrx_word' id='word_1_148' title='bbox 165 2322 334 2404; x_wconf 65' lang='lat' dir='ltr'><strong>l’anadiso,</strong></span> <span class='ocrx_word' id='word_1_149' title='bbox 355 2322 465 2386; x_wconf 82' lang='lat' dir='ltr'><strong>arbore</strong></span> <span class='ocrx_word' id='word_1_150' title='bbox 486 2321 562 2390; x_wconf 78' lang='lat' dir='ltr'><strong>vitae</strong></span> <span class='ocrx_word' id='word_1_151' title='bbox 583 2309 702 2383; x_wconf 61' lang='lat' dir='ltr'><strong>et&#39;aliie</strong></span> <span class='ocrx_word' id='word_1_152' title='bbox 721 2315 1013 2394; x_wconf 78' lang='lat' dir='ltr'><strong>commoditatibus,</strong></span> <span class='ocrx_word' id='word_1_153' title='bbox 1034 2333 1104 2401; x_wconf 84' lang='lat' dir='ltr'><strong>quae</strong></span> 
     </span>
    </p>
   </div>
   <div class='ocr_carea' id='block_1_17' title="bbox 126 2419 1103 2508">
    <p class='ocr_par' dir='ltr' id='par_1_17' title="bbox 126 2419 1103 2508">
     <span class='ocr_line' id='line_1_25' title="bbox 126 2419 1103 2508; baseline -0.013 -19"><span class='ocrx_word' id='word_1_154' title='bbox 126 2453 129 2458; x_wconf 87' lang='lat'><em>·</em></span> <span class='ocrx_word' id='word_1_155' title='bbox 166 2438 253 2488; x_wconf 85' lang='lat' dir='ltr'><strong>erant</strong></span> <span class='ocrx_word' id='word_1_156' title='bbox 274 2425 365 2508; x_wconf 80' lang='lat' dir='ltr'><strong>rigna</strong></span> <span class='ocrx_word' id='word_1_157' title='bbox 385 2424 513 2507; x_wconf 80' lang='lat' dir='ltr'><strong>gratiae,</strong></span> <span class='ocrx_word' id='word_1_158' title='bbox 535 2421 620 2484; x_wconf 81' lang='lat' dir='ltr'><strong>aliud</strong></span> <span class='ocrx_word' id='word_1_159' title='bbox 642 2419 765 2506; x_wconf 84' lang='lat' dir='ltr'><strong>signum</strong></span> <span class='ocrx_word' id='word_1_160' title='bbox 786 2419 914 2504; x_wconf 83' lang='lat' dir='ltr'><strong>gratiae,</strong></span> <span class='ocrx_word' id='word_1_161' title='bbox 937 2440 1051 2502; x_wconf 81' lang='lat' dir='ltr'><strong>nempe</strong></span> <span class='ocrx_word' id='word_1_162' title='bbox 1063 2439 1103 2477; x_wconf 83' lang='lat' dir='ltr'><strong>sn-</strong></span> 
     </span>
    </p>
   </div>
   <div class='ocr_carea' id='block_1_18' title="bbox 165 2521 1103 2612">
    <p class='ocr_par' dir='ltr' id='par_1_18' title="bbox 165 2521 1103 2612">
     <span class='ocr_line' id='line_1_26' title="bbox 165 2521 1103 2612; baseline -0.007 -28"><span class='ocrx_word' id='word_1_163' title='bbox 165 2525 302 2600; x_wconf 76' lang='lat' dir='ltr'><strong>crificia,</strong></span> <span class='ocrx_word' id='word_1_164' title='bbox 323 2525 351 2586; x_wconf 87' lang='lat' dir='ltr'><strong>ei</strong></span> <span class='ocrx_word' id='word_1_165' title='bbox 374 2525 475 2588; x_wconf 86' lang='lat' dir='ltr'><strong>datum</strong></span> <span class='ocrx_word' id='word_1_166' title='bbox 498 2537 599 2612; x_wconf 62' lang='lat' dir='ltr'><strong>esset,</strong></span> <span class='ocrx_word' id='word_1_167' title='bbox 615 2544 673 2604; x_wconf 86' lang='lat' dir='ltr'><strong>per</strong></span> <span class='ocrx_word' id='word_1_168' title='bbox 694 2523 780 2608; x_wconf 85' lang='lat' dir='ltr'><strong>quod</strong></span> <span class='ocrx_word' id='word_1_169' title='bbox 801 2521 1009 2606; x_wconf 82' lang='lat' dir='ltr'><strong>intelligeret,</strong></span> <span class='ocrx_word' id='word_1_170' title='bbox 1039 2538 1103 2582; x_wconf 82' lang='lat' dir='ltr'><strong>sea</strong></span> 
     </span>
    </p>
   </div>
   <div class='ocr_carea' id='block_1_19' title="bbox 51 2625 1102 2711">
    <p class='ocr_par' dir='ltr' id='par_1_19' title="bbox 51 2625 1102 2711">
     <span class='ocr_line' id='line_1_27' title="bbox 51 2625 1102 2711; baseline -0.014 -15"><span class='ocrx_word' id='word_1_171' title='bbox 51 2691 57 2696; x_wconf 87' lang='lat'><em>.</em></span> <span class='ocrx_word' id='word_1_172' title='bbox 164 2628 235 2691; x_wconf 90' lang='lat' dir='ltr'><strong>Deo</strong></span> <span class='ocrx_word' id='word_1_173' title='bbox 257 2637 323 2688; x_wconf 81' lang='lat' dir='ltr'><strong>non</strong></span> <span class='ocrx_word' id='word_1_174' title='bbox 344 2627 515 2711; x_wconf 87' lang='lat' dir='ltr'><strong>abjectum,</strong></span> <span class='ocrx_word' id='word_1_175' title='bbox 544 2626 597 2687; x_wconf 82' lang='lat' dir='ltr'><strong>sed</strong></span> <span class='ocrx_word' id='word_1_176' title='bbox 610 2625 686 2688; x_wconf 76' lang='lat' dir='ltr'><strong>Deo</strong></span> <span class='ocrx_word' id='word_1_177' title='bbox 713 2626 815 2686; x_wconf 88' lang='lat' dir='ltr'><strong>adhuc</strong></span> <span class='ocrx_word' id='word_1_178' title='bbox 835 2645 926 2686; x_wconf 88' lang='lat' dir='ltr'><strong>curae</strong></span> <span class='ocrx_word' id='word_1_179' title='bbox 956 2645 1022 2686; x_wconf 84' lang='lat' dir='ltr'><strong>esse</strong></span> <span class='ocrx_word' id='word_1_180' title='bbox 1043 2635 1102 2684; x_wconf 86' lang='lat' dir='ltr'><strong>ets</strong></span> 
     </span>
    </p>
   </div>
   <div class='ocr_carea' id='block_1_20' title="bbox 163 2723 1103 3225">
    <p class='ocr_par' dir='ltr' id='par_1_20' title="bbox 163 2723 1103 3225">
     <span class='ocr_line' id='line_1_28' title="bbox 164 2723 1103 2815; baseline -0.013 -22"><span class='ocrx_word' id='word_1_181' title='bbox 164 2728 377 2812; x_wconf 81' lang='lat' dir='ltr'><strong>Deorespici.</strong></span> <span class='ocrx_word' id='word_1_182' title='bbox 401 2727 471 2788; x_wconf 85' lang='lat' dir='ltr'><strong>Hoc</strong></span> <span class='ocrx_word' id='word_1_183' title='bbox 492 2727 571 2788; x_wconf 90' lang='lat' dir='ltr'><strong>enim</strong></span> <span class='ocrx_word' id='word_1_184' title='bbox 593 2725 789 2815; x_wconf 82' lang='lat' dir='ltr'><strong>significabat</strong></span> <span class='ocrx_word' id='word_1_185' title='bbox 811 2727 907 2802; x_wconf 90' lang='lat' dir='ltr'><strong>Deus,</strong></span> <span class='ocrx_word' id='word_1_186' title='bbox 929 2749 1000 2790; x_wconf 87' lang='lat' dir='ltr'><strong>cum</strong></span> <span class='ocrx_word' id='word_1_187' title='bbox 1021 2723 1103 2788; x_wconf 78' lang='lat' dir='ltr'><strong>secri-</strong></span> 
     </span>
     <span class='ocr_line' id='line_1_29' title="bbox 163 2827 1102 2894; baseline -0.009 0"><span class='ocrx_word' id='word_1_188' title='bbox 163 2829 234 2894; x_wconf 87' lang='lat' dir='ltr'><strong>ficia</strong></span> <span class='ocrx_word' id='word_1_189' title='bbox 255 2846 283 2894; x_wconf 87' lang='lat' dir='ltr'><strong>et</strong></span> <span class='ocrx_word' id='word_1_190' title='bbox 305 2828 479 2894; x_wconf 83' lang='lat' dir='ltr'><strong>oblationes</strong></span> <span class='ocrx_word' id='word_1_191' title='bbox 507 2829 629 2893; x_wconf 82' lang='lat' dir='ltr'><strong>flamma</strong></span> <span class='ocrx_word' id='word_1_192' title='bbox 657 2829 781 2892; x_wconf 82' lang='lat' dir='ltr'><strong>coelesti</strong></span> <span class='ocrx_word' id='word_1_193' title='bbox 802 2831 983 2892; x_wconf 87' lang='lat' dir='ltr'><strong>accenderet</strong></span> <span class='ocrx_word' id='word_1_194' title='bbox 1010 2841 1038 2890; x_wconf 90' lang='lat' dir='ltr'><strong>et</strong></span> <span class='ocrx_word' id='word_1_195' title='bbox 1057 2827 1102 2888; x_wconf 87' lang='lat' dir='ltr'><strong>ab·</strong></span> 
     </span>
     <span class='ocr_line' id='line_1_30' title="bbox 165 2931 1098 3019; baseline -0.009 -25"><span class='ocrx_word' id='word_1_196' title='bbox 165 2937 314 3010; x_wconf 77' lang='lat' dir='ltr'><strong>sumeret,</strong></span> <span class='ocrx_word' id='word_1_197' title='bbox 338 2934 418 2996; x_wconf 86' lang='lat' dir='ltr'><strong>sicut</strong></span> <span class='ocrx_word' id='word_1_198' title='bbox 440 2934 477 2994; x_wconf 88' lang='lat' dir='ltr'><strong>de</strong></span> <span class='ocrx_word' id='word_1_199' title='bbox 498 2931 649 2996; x_wconf 83' lang='lat' dir='ltr'><strong>sacrificio</strong></span> <span class='ocrx_word' id='word_1_200' title='bbox 671 2932 761 2996; x_wconf 88' lang='lat' dir='ltr'><strong>Mose</strong></span> <span class='ocrx_word' id='word_1_201' title='bbox 784 2948 813 2994; x_wconf 88' lang='lat' dir='ltr'><strong>et</strong></span> <span class='ocrx_word' id='word_1_202' title='bbox 835 2933 943 2994; x_wconf 85' lang='lat' dir='ltr'><strong>Heliae</strong></span> <span class='ocrx_word' id='word_1_203' title='bbox 964 2931 1098 3019; x_wconf 82' lang='lat' dir='ltr'><strong>legimns.</strong></span> 
     </span>
     <span class='ocr_line' id='line_1_31' title="bbox 163 3033 1098 3102; baseline -0.011 0"><span class='ocrx_word' id='word_1_204' title='bbox 163 3035 247 3102; x_wconf 82' lang='lat' dir='ltr'><strong>Haec</strong></span> <span class='ocrx_word' id='word_1_205' title='bbox 270 3037 348 3098; x_wconf 89' lang='lat' dir='ltr'><strong>enim</strong></span> <span class='ocrx_word' id='word_1_206' title='bbox 372 3050 457 3100; x_wconf 90' lang='lat' dir='ltr'><strong>erant</strong></span> <span class='ocrx_word' id='word_1_207' title='bbox 478 3057 565 3098; x_wconf 86' lang='lat' dir='ltr'><strong>verae</strong></span> <span class='ocrx_word' id='word_1_208' title='bbox 589 3035 777 3098; x_wconf 84' lang='lat' dir='ltr'><strong>ostensiones</strong></span> <span class='ocrx_word' id='word_1_209' title='bbox 800 3033 1098 3098; x_wconf 75' lang='lat' dir='ltr'><strong>divinaemisericor·</strong></span> 
     </span>
     <span class='ocr_line' id='line_1_32' title="bbox 165 3137 1099 3225; baseline -0.007 -25"><span class='ocrx_word' id='word_1_210' title='bbox 165 3139 249 3215; x_wconf 86' lang='lat' dir='ltr'><strong>diae,</strong></span> <span class='ocrx_word' id='word_1_211' title='bbox 271 3139 384 3225; x_wconf 89' lang='lat' dir='ltr'><strong>quibus</strong></span> <span class='ocrx_word' id='word_1_212' title='bbox 405 3159 485 3223; x_wconf 86' lang='lat' dir='ltr'><strong>opus</strong></span> <span class='ocrx_word' id='word_1_213' title='bbox 510 3137 665 3198; x_wconf 85' lang='lat' dir='ltr'><strong>hebebant</strong></span> <span class='ocrx_word' id='word_1_214' title='bbox 686 3137 792 3200; x_wconf 87' lang='lat' dir='ltr'><strong>miseri</strong></span> <span class='ocrx_word' id='word_1_215' title='bbox 813 3137 975 3214; x_wconf 86' lang='lat' dir='ltr'><strong>homines,</strong></span> <span class='ocrx_word' id='word_1_216' title='bbox 1004 3158 1041 3198; x_wconf 88' lang='lat' dir='ltr'><strong>ue</strong></span> <span class='ocrx_word' id='word_1_217' title='bbox 1060 3156 1099 3196; x_wconf 81' lang='lat' dir='ltr'><strong>er·</strong></span> 
     </span>
    </p>
   </div>
   <div class='ocr_carea' id='block_1_21' title="bbox 54 3237 766 3334">
    <p class='ocr_par' dir='ltr' id='par_1_21' title="bbox 54 3237 766 3334">
     <span class='ocr_line' id='line_1_33' title="bbox 54 3237 766 3334; baseline -0.013 -28"><span class='ocrx_word' id='word_1_218' title='bbox 54 3248 58 3259; x_wconf 85' lang='lat'><em>&#39;</em></span> <span class='ocrx_word' id='word_1_219' title='bbox 164 3256 231 3309; x_wconf 84' lang='lat' dir='ltr'><strong>sent</strong></span> <span class='ocrx_word' id='word_1_220' title='bbox 253 3241 318 3306; x_wconf 88' lang='lat' dir='ltr'><strong>sine</strong></span> <span class='ocrx_word' id='word_1_221' title='bbox 340 3241 447 3324; x_wconf 84' lang='lat' dir='ltr'><strong>aliqua</strong></span> <span class='ocrx_word' id='word_1_222' title='bbox 467 3240 538 3302; x_wconf 86' lang='lat' dir='ltr'><strong>luce</strong></span> <span class='ocrx_word' id='word_1_223' title='bbox 558 3240 677 3334; x_wconf 77' lang='lat' dir='ltr'><strong>gratiae</strong></span> <span class='ocrx_word' id='word_1_224' title='bbox 698 3237 766 3300; x_wconf 87' lang='lat' dir='ltr'><strong>Dei.</strong></span> 
     </span>
    </p>
   </div>
   <div class='ocr_carea' id='block_1_22' title="bbox 138 3333 1097 3424">
    <p class='ocr_par' dir='ltr' id='par_1_22' title="bbox 138 3333 1097 3424">
     <span class='ocr_line' id='line_1_34' title="bbox 138 3333 1097 3424; baseline -0.015 -16"><span class='ocrx_word' id='word_1_225' title='bbox 138 3340 159 3416; x_wconf 59' lang='lat' dir='ltr'><strong><em>J</em></strong></span> <span class='ocrx_word' id='word_1_226' title='bbox 244 3342 294 3406; x_wconf 84' lang='lat' dir='ltr'><strong>Sic</strong></span> <span class='ocrx_word' id='word_1_227' title='bbox 322 3343 415 3406; x_wconf 83' lang='lat' dir='ltr'><strong>hodie</strong></span> <span class='ocrx_word' id='word_1_228' title='bbox 441 3341 543 3424; x_wconf 85' lang='lat' dir='ltr'><strong>ipsum</strong></span> <span class='ocrx_word' id='word_1_229' title='bbox 570 3343 726 3419; x_wconf 77' lang='lat' dir='ltr'><strong>verbum,</strong></span> <span class='ocrx_word' id='word_1_230' title='bbox 744 3337 939 3422; x_wconf 79' lang='lat' dir='ltr'><strong>Baptismus,</strong></span> <span class='ocrx_word' id='word_1_231' title='bbox 960 3333 1097 3402; x_wconf 85' lang='lat' dir='ltr'><strong>Euchari-</strong></span> 
     </span>
    </p>
   </div>
   <div class='ocr_carea' id='block_1_23' title="bbox 96 3423 1095 3528">
    <p class='ocr_par' dir='ltr' id='par_1_23' title="bbox 96 3423 1095 3528">
     <span class='ocr_line' id='line_1_35' title="bbox 96 3423 1095 3528; baseline -0.011 -21"><span class='ocrx_word' id='word_1_232' title='bbox 96 3423 100 3432; x_wconf 67' lang='lat'><strong>,</strong></span> <span class='ocrx_word' id='word_1_233' title='bbox 163 3443 221 3506; x_wconf 81' lang='lat' dir='ltr'><strong>etia</strong></span> <span class='ocrx_word' id='word_1_234' title='bbox 242 3458 313 3506; x_wconf 89' lang='lat' dir='ltr'><strong>sunt</strong></span> <span class='ocrx_word' id='word_1_235' title='bbox 323 3441 442 3524; x_wconf 77' lang='lat' dir='ltr'><strong>luciferi</strong></span> <span class='ocrx_word' id='word_1_236' title='bbox 463 3444 571 3518; x_wconf 84' lang='lat' dir='ltr'><strong>nostri,</strong></span> <span class='ocrx_word' id='word_1_237' title='bbox 593 3443 632 3506; x_wconf 83' lang='lat' dir='ltr'><strong>ad</strong></span> <span class='ocrx_word' id='word_1_238' title='bbox 653 3465 734 3528; x_wconf 86' lang='lat' dir='ltr'><strong>quos</strong></span> <span class='ocrx_word' id='word_1_239' title='bbox 746 3442 942 3526; x_wconf 80' lang='lat' dir='ltr'><strong>respicimus,</strong></span> <span class='ocrx_word' id='word_1_240' title='bbox 962 3457 1095 3524; x_wconf 65' lang='lat' dir='ltr'><strong>unqunm</strong></span> 
     </span>
    </p>
   </div>
   <div class='ocr_carea' id='block_1_24' title="bbox 162 3543 1094 3640">
    <p class='ocr_par' dir='ltr' id='par_1_24' title="bbox 162 3543 1094 3640">
     <span class='ocr_line' id='line_1_36' title="bbox 162 3543 1094 3640; baseline -0.024 -21"><span class='ocrx_word' id='word_1_241' title='bbox 162 3547 204 3640; x_wconf 66' lang='lat' dir='ltr'><strong>qd</strong></span> <span class='ocrx_word' id='word_1_242' title='bbox 231 3561 332 3614; x_wconf 75' lang='lat' dir='ltr'><strong>certos</strong></span> <span class='ocrx_word' id='word_1_243' title='bbox 359 3546 475 3610; x_wconf 82' lang='lat' dir='ltr'><strong>indices</strong></span> <span class='ocrx_word' id='word_1_244' title='bbox 508 3543 584 3610; x_wconf 84' lang='lat' dir='ltr'><strong>solis</strong></span> <span class='ocrx_word' id='word_1_245' title='bbox 605 3547 733 3632; x_wconf 81' lang='lat' dir='ltr'><strong>gratiae.</strong></span> <span class='ocrx_word' id='word_1_246' title='bbox 777 3544 872 3608; x_wconf 83' lang='lat' dir='ltr'><strong>Certo</strong></span> <span class='ocrx_word' id='word_1_247' title='bbox 894 3544 979 3606; x_wconf 84' lang='lat' dir='ltr'><strong>enim</strong></span> <span class='ocrx_word' id='word_1_248' title='bbox 999 3560 1094 3626; x_wconf 80' lang='lat' dir='ltr'><strong>posen·</strong></span> 
     </span>
    </p>
   </div>
   <div class='ocr_carea' id='block_1_25' title="bbox 88 3646 1095 3730">
    <p class='ocr_par' dir='ltr' id='par_1_25' title="bbox 88 3646 1095 3730">
     <span class='ocr_line' id='line_1_37' title="bbox 88 3646 1095 3730; baseline -0.004 -14"><span class='ocrx_word' id='word_1_249' title='bbox 88 3711 92 3716; x_wconf 89' lang='lat'><em>.</em></span> <span class='ocrx_word' id='word_1_250' title='bbox 162 3672 232 3716; x_wconf 77' lang='lat' dir='ltr'><strong>mus</strong></span> <span class='ocrx_word' id='word_1_251' title='bbox 254 3646 401 3728; x_wconf 75' lang='lat' dir='ltr'><strong>definire,</strong></span> <span class='ocrx_word' id='word_1_252' title='bbox 426 3647 530 3730; x_wconf 82' lang='lat' dir='ltr'><strong>quod,</strong></span> <span class='ocrx_word' id='word_1_253' title='bbox 551 3649 604 3710; x_wconf 84' lang='lat' dir='ltr'><strong>ubi</strong></span> <span class='ocrx_word' id='word_1_254' title='bbox 626 3662 671 3712; x_wconf 83' lang='lat' dir='ltr'><strong>est</strong></span> <span class='ocrx_word' id='word_1_255' title='bbox 691 3648 899 3723; x_wconf 86' lang='lat' dir='ltr'><strong>Eucharistis,</strong></span> <span class='ocrx_word' id='word_1_256' title='bbox 921 3646 1095 3730; x_wconf 67' lang='lat' dir='ltr'><strong>Baptismus</strong></span> 
     </span>
    </p>
   </div>
   <div class='ocr_carea' id='block_1_26' title="bbox 79 1497 1146 1582">
    <p class='ocr_par' dir='ltr' id='par_1_26' title="bbox 79 1497 1146 1582">
     <span class='ocr_line' id='line_1_38' title="bbox 79 1497 1146 1582; baseline -0.002 -22"><span class='ocrx_word' id='word_1_257' title='bbox 79 1507 82 1512; x_wconf 83' lang='lat'>&#39;</span> <span class='ocrx_word' id='word_1_258' title='bbox 164 1497 238 1582; x_wconf 85' lang='lat' dir='ltr'><strong>Ego</strong></span> <span class='ocrx_word' id='word_1_259' title='bbox 261 1521 311 1572; x_wconf 76' lang='lat' dir='ltr'><strong>me</strong></span> <span class='ocrx_word' id='word_1_260' title='bbox 331 1519 453 1581; x_wconf 85' lang='lat' dir='ltr'><strong>semper</strong></span> <span class='ocrx_word' id='word_1_261' title='bbox 473 1499 516 1559; x_wconf 87' lang='lat' dir='ltr'><strong>ita</strong></span> <span class='ocrx_word' id='word_1_262' title='bbox 535 1497 569 1558; x_wconf 89' lang='lat' dir='ltr'><strong>in</strong></span> <span class='ocrx_word' id='word_1_263' title='bbox 592 1497 755 1558; x_wconf 88' lang='lat' dir='ltr'><strong>hominum</strong></span> <span class='ocrx_word' id='word_1_264' title='bbox 777 1497 885 1559; x_wconf 90' lang='lat' dir='ltr'><strong>oculos</strong></span> <span class='ocrx_word' id='word_1_265' title='bbox 907 1509 1005 1582; x_wconf 87' lang='lat' dir='ltr'><strong>atque</strong></span> <span class='ocrx_word' id='word_1_266' title='bbox 1027 1518 1107 1560; x_wconf 86' lang='lat' dir='ltr'><strong>aures</strong></span> <span class='ocrx_word' id='word_1_267' title='bbox 1145 1511 1146 1518; x_wconf 76' lang='grc'>’</span> 
     </span>
    </p>
   </div>
   <div class='ocr_carea' id='block_1_27' title="bbox 0 0 1160 4132">
    <p class='ocr_par' dir='ltr' id='par_1_27' title="bbox 0 0 1160 4132">
     <span class='ocr_line' id='line_1_39' title="bbox 0 0 1160 4132; baseline 0 1"><span class='ocrx_word' id='word_1_268' title='bbox 0 0 1160 4132; x_wconf 95' lang='lat' dir='ltr'><strong> </strong></span> 
     </span>
    </p>
   </div>
  </div>
 </body>
</html>
